% This file was created with Citavi 5.7.1.0

% Flos Quellen:

@misc{o.V.2018a,
	author = {o. V.},
	year = {2018a},
	title = {Anteil der in Städten lebenden Bevölkerung in Deutschland und weltweit von 1950 bis 2010 und Prognose bis 2030},
	url = {https://de.statista.com/statistik/daten/studie/152879/umfrage/in-staedten-lebende-bevoelkerung-in-deutschland-und-weltweit/},
	urldate = {2018-01-16},
}

@misc{o.V.2018b,
	author = {o. V.},
	year = {2018b},
	title = {Umsatz durch E-Commerce (B2C) in Deutschland in den Jahren 1999 bis 2016 sowie eine Prognose für 2017},
	url = {https://de.statista.com/statistik/daten/studie/3979/umfrage/e-commerce-umsatz-in-deutschland-seit-1999/},
	urldate = {2018-01-16},
}

@misc{o.V.2018c,
	author = {o. V.},
	year = {2018c},
	title = {Retail e-commerce sales worldwide from 2014 to 2021},
	url = {https://www.statista.com/statistics/379046/worldwide-retail-e-commerce-sales/},
	urldate = {2018-01-16},
}

@misc{Mikuteit.2017,
	author = {Mikuteit, H.-L.},
	year = {2017},
	title = {Lieferroboter jetzt auch für kleine Läden in Hamburg},
	url = {https://www.abendblatt.de/hamburg/article212799327/Lieferroboter-jetzt-auch-fuer-kleine-Laeden-in-Hamburg.html},
	urldate = {2018-01-16},
}

@book{Kleinschmidt,
 author = {Kleinschmidt, A.},
 year = {2017},
 title = {Optimierungspotentiale in der urbanen Logistik – Lieferroboter in der Last-Mile-Delivery},
publisher = {Masterarbeit am Institut für Wirtschaftsinformatik der Leibniz Universität Hannover}
}




















@book{Bun08,
	author = {Bundschuh, Markus},
	year = {2008},
	title = {Modellgest{\"u}tzte strategische Planung von Produktionssystemen in der Automobilindustrie. Ein flexibler Planungsansatz f{\"u}r die Fahrzeughauptmodule Motor, Fahrwerk  und Antriebsstrang},
	address = {Hamburg},
	edition = {2},
	publisher = {{Verlag Dr. Kovac}}
}


@article{DudSta05,
 author = {Dudek, G. and Stadtler, H.},
 year = {2005},
 title = {Negotiation-based collaborative planning between supply chain partners},
 pages = {668--687},
 volume = {163},
 journal = {European Journal of Operations Research}
}


@article{OstSal04,
 author = {Ostfeld, A. and Salomons, E.},
 year = {2004},
 title = {Optimal layout of early warning detection stations for water distribution systems security},
 pages = {377--385},
 volume = {130},
 number = {5},
 journal = {Journal of Water Resources Planning and Management-Asce}
}


@article{RieZimGla07,
 author = {Rieck, Julia and Zimmermann, J{\"u}rgen and Glagow, Matthias},
 year = {2007},
 title = {Tourenplanung mittelst{\"a}ndischer Speditionsunternehmen in St{\"u}ckgutkooperationen: Modellierung und heuristische L{\"o}sungsverfahren},
 pages = {365--388},
 volume = {17},
 number = {4},
 journal = {Zeitschrift f{\"u}r Planung {\&} Unternehmenssteuerung}
}


@article{SalPovNov08,
 author = {Salema, Maria Isabel Gomes and Povoa, Ana Paula Barbosa and Novais, Augusto Q.},
 year = {2008},
 title = {A strategic and tactical model for closed-loop supply chains},
 url = {Online First DOI 10.1007/s00291-008-0160-5},
 journal = {OR Spectrum}
}


@article{SchFlieBoy08,
 author = {Scholl, Armin and Fliedner, Malte and Boysen, Nils},
 year = {2009},
 title = {ABSALOM: Balancing assembly lines with assignment restrictions},
 url = {Online First DOI 10.1016/j.ejor.2009.01.049},
 journal = {European Journal of Operational Research}
}


@article{ThaBosPet08,
 author = {Thanh, Phuong Nga and Bostel, Nathalie and P{\'e}ton, Olivier},
 year = {2008},
 title = {A dynamic model for facility location in the design of complex supply chains},
 pages = {678--693},
 volume = {113},
 number = {2},
 journal = {International Journal of Production Economics}
}



@book{Beckmann.1969,
 author = {Beckmann, M. and Henn, R. and Jaeger, A. and Krelle, W. and K{\"u}nzi, H. P. and Wenke, K. and Wolfe, Ph. and Dinkelbach, Werner},
 year = {1969},
 title = {Sensitivit{\"a}tsanalysen und parametrische Programmierung},
 address = {Berlin, Heidelberg},
 volume = {12},
 publisher = {{Springer Berlin Heidelberg}},
 isbn = {978-3-642-88170-1},
 doi = {10.1007/978-3-642-88169-5}
}


@article{Clarke.,
 author = {Clarke, G. and Wright, J. W.},
 title = {Scheduling vehicles from a central delivery depot to a number of delivery points.},
 pages = {568--581},
 volume = {1964},
 number = {4},
 journal = {Operational Research}
}


@book{Domschke.2015,
 author = {Domschke, Wolfgang and Drexl, Andreas and Klein, Robert and Scholl, Armin},
 year = {2015},
 title = {Einf{\"u}hrung in Operations Research},
 address = {Berlin, Heidelberg},
 edition = {9},
 publisher = {{Springer Berlin Heidelberg}},
 isbn = {978-3-662-48215-5},
 doi = {10.1007/978-3-662-48216-2}
}


@book{Ellinger.2003,
 author = {Ellinger, Theodor and Beuermann, G{\"u}nter and Leisten, Rainer},
 year = {2003},
 title = {Operations Research: Eine Einf{\"u}hrung},
 address = {Berlin, Heidelberg},
 edition = {6},
 publisher = {{Springer Berlin Heidelberg}},
 isbn = {978-3-540-00477-6},
 doi = {10.1007/978-3-642-55582-4}
}


@book{Helber.2014,
 author = {Helber, Stefan},
 year = {2014},
 title = {Operations-Management-Tutorial: [ein Anf{\"a}nger-Lehrbuch zum Operations-Management f{\"u}r alle, die auch gerne Formeln m{\"o}gen]},
 price = {EUR 29.90},
 address = {Hildesheim},
 publisher = {Helber},
 isbn = {9783000469183}
}


@book{Kallrath.2013,
 author = {Kallrath, Josef},
 year = {2013},
 title = {Gemischt-ganzzahlige Optimierung: Modellierung in der Praxis},
 address = {Wiesbaden},
 publisher = {{Springer Fachmedien Wiesbaden}},
 isbn = {978-3-658-00689-1},
 doi = {10.1007/978-3-658-00690-7}
}


@article{LeeH.L.undWhangS..,
 author = {{Lee, H.L. and Whang, S.}},
 title = {Winning the last mile of e-commerce.},
 pages = {54--62},
 volume = {2001},
 number = {4},
 journal = {Sloan Management Review}
}


@book{Lehmacher.2015,
 author = {Lehmacher, Wolfgang},
 year = {2015},
 title = {Logistik im Zeichen der Urbanisierung: Versorgung von Stadt und Land im digitalen und mobilen Zeitalter.},
 address = {Wiesbaden},
 publisher = {{Springer Fachmedien Wiesbaden}},
 isbn = {978-3-658-07773-0},
 doi = {10.1007/978-3-658-07774-7}
}


@book{Macharis.2011,
 year = {2011},
 title = {City distribution and urban freight transport: Multiple perspectives},
 address = {Cheltenham},
 publisher = {Elgar},
 isbn = {9780857932747},
 series = {Nectar series on transportation and communications networks research},
 editor = {Macharis, Cathy}
}


@article{Misener.2014,
 author = {Misener, Ruth and Floudas, Christodoulos A.},
 year = {2014},
 title = {ANTIGONE: Algorithms for coNTinuous / Integer Global Optimization of Nonlinear Equations},
 pages = {503--526},
 volume = {59},
 number = {2-3},
 issn = {0925-5001},
 journal = {Journal of Global Optimization},
 doi = {10.1007/s10898-014-0166-2}
}


@article{Thirumalai.2005,
 author = {Thirumalai, Sriram and Sinha, Kingshuk K.},
 year = {2005},
 title = {Customer satisfaction with order fulfillment in retail supply chains: Implications of product type in electronic B2C transactions},
 pages = {291--303},
 volume = {23},
 number = {3-4},
 issn = {02726963},
 journal = {Journal of Operations Management},
 doi = {10.1016/j.jom.2004.10.015}
}


@book{VanAudenhoveF.J.DuranceM.DeJonghS..2015,
 author = {{Van Audenhove, F. J., Durance, M., De Jongh, S.}},
 year = {2015},
 title = {Urban Logistics - How to unlock value from last mile delivery for cities, transporters and retailers. Arthur D. Little Future of Urban Mobility Lab.}
}


