% This file was created with Citavi 5.7.1.0

@book{Bankhofer.2006,
 author = {Bankhofer, U. {\,} Wilhelm, M. {\,} Williner, G.},
 year = {2006},
 title = {Modelle und Methoden der Tourenplanung},
 url = {http://www.db-thueringen.de/servlets/DocumentServlet?id=6905},
 address = {Ilmenau and Ilmenau},
 volume = {5},
 publisher = {{Techn. Univ. Inst. f{\"u}r Wirtschaftsinformatik} and Univ.-Bibliothek},
 isbn = {3-938940-06-9},
 series = {Ilmenauer Beitr{\"a}ge zur Wirtschaftsinformatik}
}


@misc{V.2018c,
 author = {V, o.},
 year = {2018c},
 title = {Retail e-commerce sales worldwide from 2014 to 2021},
 url = {https://www.statista.com/statistics/379046/worldwide-retail-e-commerce-sales/},
 urldate = {2018-01-16}
}


@misc{V.2018a,
 author = {V, o.},
 year = {2018a},
 title = {Anteil der in St{\"a}dten lebenden Bev{\"o}lkerung in Deutschland und weltweit von 1950 bis 2010 und Prognose bis 2030},
 url = {https://de.statista.com/statistik/daten/studie/152879/umfrage/in-staedten-lebende-bevoelkerung-in-deutschland-und-weltweit/},
 urldate = {2018-01-16}
}


@article{Thirumalai.2005,
 author = {Thirumalai, Sriram and Sinha, Kingshuk K.},
 year = {2005},
 title = {Customer satisfaction with order fulfillment in retail supply chains: Implications of product type in electronic B2C transactions},
 pages = {291--303},
 volume = {23},
 number = {3-4},
 issn = {02726963},
 journal = {Journal of Operations Management},
 doi = {10.1016/j.jom.2004.10.015}
}


@article{Thanh.2008,
 author = {Thanh, Phuong Nga and Bostel, Nathalie and P{\'e}ton, Olivier},
 year = {2008},
 title = {A dynamic model for facility location in the design of complex supply chains},
 pages = {678--693},
 volume = {113},
 number = {2},
 journal = {International Journal of Production Economics}
}


@article{Scholl.2009,
 author = {Scholl, Armin and Fliedner, Malte and Boysen, Nils},
 year = {2009},
 title = {ABSALOM: Balancing assembly lines with assignment restrictions},
 url = {Online First DOI 10.1016/j.ejor.2009.01.049},
 journal = {European Journal of Operational Research}
}


@article{Salema.2008,
 author = {Salema, Maria Isabel Gomes and Povoa, Ana Paula Barbosa and Novais, Augusto Q.},
 year = {2008},
 title = {A strategic and tactical model for closed-loop supply chains},
 url = {Online First DOI 10.1007/s00291-008-0160-5},
 journal = {OR Spectrum}
}


@article{Rieck.2007,
 author = {Rieck, Julia and Zimmermann, J{\"u}rgen and Glagow, Matthias},
 year = {2007},
 title = {Tourenplanung mittelst{\"a}ndischer Speditionsunternehmen in St{\"u}ckgutkooperationen: Modellierung und heuristische L{\"o}sungsverfahren},
 pages = {365--388},
 volume = {17},
 number = {4},
 journal = {Zeitschrift f{\"u}r Planung {\&} Unternehmenssteuerung}
}


@article{Punakivi.2001,
 author = {Punakivi, M. and Saranen, J.},
 year = {2001},
 title = {Identifying the success factors in e-grocery home delivery},
 pages = {156--163},
 number = {29.4},
 journal = {International Journal of Retail {\&} Distribution Management}
}


@article{Ostfeld.2004,
 author = {Ostfeld, A. and Salomons, E.},
 year = {2004},
 title = {Optimal layout of early warning detection stations for water distribution systems security},
 pages = {377--385},
 volume = {130},
 number = {5},
 journal = {Journal of Water Resources Planning and Management-Asce}
}


@article{Misener.2014,
 author = {Misener, Ruth and Floudas, Christodoulos A.},
 year = {2014},
 title = {ANTIGONE: Algorithms for coNTinuous / Integer Global Optimization of Nonlinear Equations},
 pages = {503--526},
 volume = {59},
 number = {2-3},
 issn = {0925-5001},
 journal = {Journal of Global Optimization},
 doi = {10.1007/s10898-014-0166-2}
}


@misc{Mikuteit.2017,
 author = {Mikuteit, H.-L.},
 year = {2017},
 title = {Lieferroboter jetzt auch f{\"u}r kleine L{\"a}den in Hamburg},
 url = {https://www.abendblatt.de/hamburg/article212799327/Lieferroboter-jetzt-auch-fuer-kleine-Laeden-in-Hamburg.html},
 urldate = {2018-01-16}
}


@article{Masum.2011,
 author = {Masum, M. and Shahjalai, M. and Faruque, F. and Sarker, H.},
 title = {Solving the Vehicle Routing Problem using Genetic Algorithm},
 year = {2011},
 pages = {126--131},
 number = {2.7},
 journal = {International Journal of Advanced Computer Science and Applications}
}


@book{Macharis.2011,
 author = {Gevaers, R., Van de Voorde; E., Vanelslander, T.},
 year = {2011},
 title = {City distribution and urban freight transport: Multiple perspectives},
 address = {Cheltenham},
 publisher = {Elgar},
 isbn = {9780857932747},
 series = {Nectar series on transportation and communications networks research},
 editor = {Macharis, Cathy}
}


@book{Lehmacher.2015,
 author = {Lehmacher, Wolfgang},
 year = {2015},
 title = {Logistik im Zeichen der Urbanisierung: Versorgung von Stadt und Land im digitalen und mobilen Zeitalter.},
 address = {Wiesbaden},
 publisher = {{Springer Fachmedien Wiesbaden}},
 isbn = {978-3-658-07773-0},
 doi = {10.1007/978-3-658-07774-7}
}


@article{LeeH.L.undWhangS..2001,
 author = {{Lee, H.L. und Whang, S.}},
 year = {2001},
 title = {Winning the last mile of e-commerce.},
 pages = {54--62},
 number = {42.4},
 journal = {Sloan Management Review}
}


@book{KochJ.AnkenbauerM.SchellO..2004,
 author = {{Koch, J., Ankenbauer, M., Schell, O.}},
 year = {2004},
 title = {Last-Mile-Logistics: Best Practices, Transcare AG},
 address = {Wiesbaden}
}


@book{Kleinschmidt.2017,
 author = {Kleinschmidt, A.},
 year = {2017},
 title = {Optimierungspotentiale in der urbanen Logistik -- Lieferroboter in der Last-Mile-Delivery},
 publisher = {{Masterarbeit am Institut f{\"u}r Wirtschaftsinformatik der Leibniz Universit{\"a}t Hannover}}
}


@book{Beckmann.1969,
 author = {Beckmann, M. and Henn, R. and Jaeger, A. and Krelle, W. and K{\"u}nzi, H. P. and Wenke, K. and Wolfe, Ph. and Dinkelbach, Werner},
 year = {1969},
 title = {Sensitivit{\"a}tsanalysen und parametrische Programmierung},
 address = {Berlin, Heidelberg},
 volume = {12},
 publisher = {{Springer Berlin Heidelberg}},
 isbn = {978-3-642-88170-1},
 doi = {10.1007/978-3-642-88169-5}
}


@article{Berger.2003,
 author = {Berger, J., Barkaoui, M.},
 year = {2003},
 title = {A Hybrid Genetic Algorithm for the Capacitated Vehicle Routing Problem: Defence Research and Development Canada - Valcartier},
 pages = {646--656},
 journal = {Decision Support Technology Section}
}


@misc{Brendel.2018,
 author = {Brendel, O.},
 year = {2018},
 title = {Achtung, die Serviceroboter kommen!},
 url = {https://www.unternehmerzeitung.ch/de/uz-praxis/digital/achtung-die-serviceroboter-kommen/},
 urldate = {2018-01-21}
}

@misc{büning.2018,
 author = {Büning, K., Kramer, O., Ting, C.K.},
 year = {2004},
 title = {Evolutionäre Algorithmen},
 url = {http://www2.cs.uni-paderborn.de/cs/ag-klbue/de/courses/ws04/ea/students/ga_report.pdf},
 urldate = {2018-01-22}
}

@misc{Kling.2018,
 author = {Kling, P.},
 year = {2008},
 title = {Facility Location},
 url = {https://www2.math.uni-paderborn.de/fileadmin/Mathematik/AG-Eisenbrand/teaching/NetdesignWS0708/Peter-Facility-Location-Ausarbeitung.pdf},
 urldate = {2018-01-22}
}


@book{Bundschuh.2008,
 author = {Bundschuh, Markus},
 year = {2008},
 title = {Modellgest{\"u}tzte strategische Planung von Produktionssystemen in der Automobilindustrie. Ein flexibler Planungsansatz f{\"u}r die Fahrzeughauptmodule Motor, Fahrwerk  und Antriebsstrang},
 address = {Hamburg},
 edition = {2},
 publisher = {{Verlag Dr. Kovac}}
}


@article{Clarke.1964,
 author = {Clarke, G. and Wright, J. W.},
 year = {1964},
 title = {Scheduling vehicles from a central delivery depot to a number of delivery points.},
 pages = {568--581},
 number = {4},
 journal = {Operational Research}
}


@article{Clausen.2016,
 author = {Clausen, U. and St{\"u}tz, S. and BergBergmann, A. and Henrichmeyer, H.},
 year = {2016},
 title = {ZF-Zukunftsstudie 2016, Die Letzte Meile},
 journal = {Fraunhofer Institut}
}


@misc{V.2018b,
 author = {V, o.},
 year = {2018b},
 title = {Umsatz durch E-Commerce (B2C) in Deutschland in den Jahren 1999 bis 2016 sowie eine Prognose f{\"u}r 2017},
 url = {https://de.statista.com/statistik/daten/studie/3979/umfrage/e-commerce-umsatz-in-deutschland-seit-1999/},
 urldate = {2018-01-16}
}


@book{Domschke.2015,
 author = {Domschke, Wolfgang and Drexl, Andreas and Klein, Robert and Scholl, Armin},
 year = {2015},
 title = {Einf{\"u}hrung in Operations Research},
 address = {Berlin, Heidelberg},
 edition = {9},
 publisher = {{Springer Berlin Heidelberg}},
 isbn = {978-3-662-48215-5},
 doi = {10.1007/978-3-662-48216-2}
}


@book{Ellinger.2003,
 author = {Ellinger, Theodor and Beuermann, G{\"u}nter and Leisten, Rainer},
 year = {2003},
 title = {Operations Research: Eine Einf{\"u}hrung},
 address = {Berlin, Heidelberg},
 edition = {6},
 publisher = {{Springer Berlin Heidelberg}},
 isbn = {978-3-540-00477-6},
 doi = {10.1007/978-3-642-55582-4}
}


@article{Goncalves.2005,
 author = {Gon{\c{c}}alves, J. F. and {Magalhaes Mendes}, J.J.d. and Resende, M.G.C.},
 year = {2005},
 title = {A hybrid genetic algorithm for the job shop scheduling problem},
 pages = {77--95},
 volume = {167},
 number = {1},
 journal = {European Journal of Operational Research},
 doi = {10.1016/j.ejor.2004.03.012}
}


@article{Hajiaghayi.2003,
 author = {Hajiaghayi, M. T. and Mahdian, M. and Mirrokni, V. S.},
 year = {2003},
 title = {The facility location problem with general cost functions},
 pages = {42--47},
 volume = {42},
 number = {1},
 issn = {0028-3045},
 journal = {Networks},
 doi = {10.1002/net.10080}
}


@book{Helber.2014,
 author = {Helber, Stefan},
 year = {2014},
 title = {Operations-Management-Tutorial: [ein Anf{\"a}nger-Lehrbuch zum Operations-Management f{\"u}r alle, die auch gerne Formeln m{\"o}gen]},
 price = {EUR 29.90},
 address = {Hildesheim},
 publisher = {Helber},
 isbn = {9783000469183}
}


@book{Kallrath.2013,
 author = {Kallrath, Josef},
 year = {2013},
 title = {Gemischt-ganzzahlige Optimierung: Modellierung in der Praxis},
 address = {Wiesbaden},
 publisher = {{Springer Fachmedien Wiesbaden}},
 isbn = {978-3-658-00689-1},
 doi = {10.1007/978-3-658-00690-7}
}


@article{Kamarainen.2001,
 author = {K{\"a}m{\"a}r{\"a}inen, V.},
 year = {2001},
 title = {The reception box impact on home delivery efficiency in the e-grocery business},
 pages = {414--426},
 number = {31.6},
 journal = {International Journal of Physical Distribution {\&} Logistics, MCB University Press}
}


@article{Dudek.2005,
 author = {Dudek, G. and Stadtler, H.},
 year = {2005},
 title = {Negotiation-based collaborative planning between supply chain partners},
 pages = {668--687},
 volume = {163},
 journal = {European Journal of Operations Research}
}


@book{VanAudenhoveF.J.DuranceM.DeJonghS..2015,
 author = {{Van Audenhove, F. J., Durance, M., De Jongh, S.}},
 year = {2015},
 title = {Urban Logistics - How to unlock value from last mile delivery for cities, transporters and retailers. Arthur D. Little Future of Urban Mobility Lab.}
}


